<record><leader>00000cas a2200000Ma 4500</leader><controlfield tag="001">11041969</controlfield><controlfield tag="008">840810d18571863nhuwr ne      0   a0eng d</controlfield><datafield ind1=" " ind2=" " tag="010"><subfield code="a">sn 84023817 </subfield></datafield><datafield ind1=" " ind2=" " tag="040"><subfield code="a">AQM</subfield><subfield code="b">eng</subfield><subfield code="c">AQM</subfield><subfield code="d">OCLCQ</subfield></datafield><datafield ind1="0" ind2="4" tag="245"><subfield code="a">The Democrat and American.</subfield></datafield><datafield ind1=" " ind2=" " tag="260"><subfield code="a">Manchester, N.H. :</subfield><subfield code="b">Goodale &amp; Farnsworth,</subfield><subfield code="c">-1863.</subfield></datafield><datafield ind1=" " ind2=" " tag="300"><subfield code="a">v. :</subfield><subfield code="b">ill. (chiefly advertisements) ;</subfield><subfield code="c">62 cm.</subfield></datafield><datafield ind1=" " ind2=" " tag="310"><subfield code="a">Weekly</subfield></datafield><datafield ind1="0" ind2=" " tag="362"><subfield code="a">-v. 22, no. 6 (May 28, 1863) = new ser., no. 227.</subfield></datafield><datafield ind1="1" ind2=" " tag="362"><subfield code="a">Began in Feb. 1857.</subfield><subfield code="z">Cf. Amer. newspapers, 1821-1936.</subfield></datafield><datafield ind1=" " ind2=" " tag="500"><subfield code="a">Editors: Goodale &amp; Farnsworth, &lt;1859-1860&gt;; S.D. Farnsworth, &lt;Jan. 1862&gt;-March 19, 1863.</subfield></datafield><datafield ind1=" " ind2=" " tag="500"><subfield code="a">Publishers: S.D. Farnsworth, &lt;Jan. 1862&gt;-March 19, 1863; Gage, Moore &amp; Co., March 26, 1863-May 28, 1863.</subfield></datafield><datafield ind1=" " ind2=" " tag="580"><subfield code="a">Daily ed.: Daily Manchester American.</subfield></datafield><datafield ind1=" " ind2=" " tag="588"><subfield code="a">Description based on: Vol. 17, no. 39 (Jan. 6, 1859).</subfield></datafield><datafield ind1=" " ind2="7" tag="655"><subfield code="a">Newspapers.</subfield><subfield code="2">rbgenr</subfield></datafield><datafield ind1="1" ind2=" " tag="700"><subfield code="a">Farnsworth, Simeon D.</subfield></datafield><datafield ind1=" " ind2=" " tag="752"><subfield code="a">United States</subfield><subfield code="b">New Hampshire</subfield><subfield code="c">Hillsboro</subfield><subfield code="d">Manchester.</subfield></datafield><datafield ind1="1" ind2=" " tag="775"><subfield code="t">Daily Manchester American</subfield><subfield code="w">(DLC)sn 84023814</subfield></datafield><datafield ind1="0" ind2="4" tag="780"><subfield code="t">Manchester American &amp; messenger</subfield><subfield code="w">(DLC)sn 84023811</subfield></datafield><datafield ind1="0" ind2="4" tag="780"><subfield code="t">Democrat (Manchester, N.H.)</subfield><subfield code="w">(DLC)sn 84023814</subfield></datafield><datafield ind1="0" ind2="4" tag="785"><subfield code="t">Dollar weekly mirror and New Hampshire journal of agriculture</subfield><subfield code="w">(DLC)sn 84023819</subfield></datafield><datafield ind1="0" ind2="0" tag="785"><subfield code="t">Manchester weekly American</subfield></datafield><datafield ind1="1" ind2=" " tag="029"><subfield code="a">AU@</subfield><subfield code="b">000025828414</subfield></datafield></record>